<record><leader>00000cas a22000007a 4500</leader><controlfield tag="001">10387620</controlfield><controlfield tag="008">840208d18531920meuwr ne      0   a0eng d</controlfield><datafield ind1=" " ind2=" " tag="010"><subfield code="a">sn 84025747 </subfield></datafield><datafield ind1=" " ind2=" " tag="040"><subfield code="a">NPV</subfield><subfield code="b">eng</subfield><subfield code="c">NPV</subfield><subfield code="d">NPX</subfield><subfield code="d">NPU</subfield><subfield code="d">CRL</subfield><subfield code="d">MBN</subfield><subfield code="d">OCL</subfield><subfield code="d">CRL</subfield><subfield code="d">OCLCG</subfield><subfield code="d">OCLCQ</subfield><subfield code="d">OCLCF</subfield><subfield code="d">OCLCO</subfield></datafield><datafield ind1=" " ind2=" " tag="042"><subfield code="a">msc</subfield></datafield><datafield ind1=" " ind2=" " tag="043"><subfield code="a">n-us-me</subfield></datafield><datafield ind1="0" ind2="4" tag="245"><subfield code="a">The Machias union.</subfield></datafield><datafield ind1=" " ind2=" " tag="260"><subfield code="a">Machias [Me.] :</subfield><subfield code="b">Yates &amp; Furbush,</subfield><subfield code="c">1853-</subfield></datafield><datafield ind1=" " ind2=" " tag="300"><subfield code="a">v. ;</subfield><subfield code="c">52-61 cm.</subfield></datafield><datafield ind1=" " ind2=" " tag="310"><subfield code="a">Weekly</subfield></datafield><datafield ind1="0" ind2=" " tag="362"><subfield code="a">Vol. 1, no. 1 (May 25, 1853)-</subfield></datafield><datafield ind1="1" ind2=" " tag="362"><subfield code="a">Ceased July 1, 1920.</subfield></datafield><datafield ind1=" " ind2=" " tag="500"><subfield code="a">Publishers: C.O. Furbush, 1854; Drisko &amp; Furbush, 1854-&lt;1855&gt;; Drisko &amp; Parlin, &lt;1860-1876&gt;.</subfield></datafield><datafield ind1=" " ind2=" " tag="500"><subfield code="a">"Independent."</subfield></datafield><datafield ind1=" " ind2=" " tag="500"><subfield code="a">Editors: E.M. Yates, 1853; G.W. Drisko, 1854-&lt;1876&gt;.</subfield></datafield><datafield ind1=" " ind2=" " tag="530"><subfield code="a">Also issued on microfilm from The Center for Research Libraries.</subfield></datafield><datafield ind1=" " ind2=" " tag="580"><subfield code="a">Merged with: Machias Republican, to form: Union-Republican (Machias, Me.).</subfield></datafield><datafield ind1=" " ind2=" " tag="588"><subfield code="a">Latest issue consulted: Vol. 45, no. 52 (May 24, 1898).</subfield></datafield><datafield ind1=" " ind2="0" tag="651"><subfield code="a">Machias (Me.)</subfield><subfield code="v">Newspapers.</subfield></datafield><datafield ind1=" " ind2="7" tag="655"><subfield code="a">Newspapers.</subfield><subfield code="2">fast</subfield><subfield code="0">(OCoLC)fst01423814</subfield></datafield><datafield ind1=" " ind2="7" tag="651"><subfield code="a">Maine</subfield><subfield code="z">Machias.</subfield><subfield code="2">fast</subfield><subfield code="0">(OCoLC)fst01213478</subfield></datafield><datafield ind1="1" ind2=" " tag="700"><subfield code="a">Yates, E. M.</subfield></datafield><datafield ind1="1" ind2=" " tag="700"><subfield code="a">Drisko, George W.</subfield><subfield code="q">(George Washington),</subfield><subfield code="d">1824-1910.</subfield></datafield><datafield ind1=" " ind2=" " tag="752"><subfield code="a">United States</subfield><subfield code="b">Maine</subfield><subfield code="c">Washington</subfield><subfield code="d">Machias.</subfield></datafield><datafield ind1="1" ind2="7" tag="785"><subfield code="t">Machias Republican</subfield><subfield code="w">(DLC)sn 84022498</subfield><subfield code="w">(OCoLC)10443724</subfield></datafield><datafield ind1="1" ind2="7" tag="785"><subfield code="t">Union-Republican (Machias, Me.)</subfield></datafield></record>